@online{scienceatyourdoorstep,
    author    = "Emma",
    title     = "What Happens in an Expanding Star's Core?",
    url       = "https://scienceatyourdoorstep.com/2020/04/06/what-happens-in-an-expanding-stars-core/",
    addendum = "(accessed: 25.11.2021)",
    keywords  = "core"
}
@online{nasa,
    author = "J.D. Harrington Ray Villard",
    title = 'NASA's Hubble Reveals Rogue Planetary Orbit for Fomalhaut B",
    url = "https://www.nasa.gov/mission_pages/hubble/science/rogue-fomalhaut.html",
    addendum = "(accessed 25.11.2021)",